<?xml version="1.0" encoding="UTF-8"?>
<collection xmlns:xsi="http://www.w3.org/2001/XMLSchema-instance" xsi:schemaLocation="http://www.loc.gov/MARC21/slim http://www.loc.gov/standards/marcxml/schema/MARC21slim.xsd" xmlns="http://www.loc.gov/MARC21/slim">
<record>
  <leader>01310cam a22003011a 4500</leader>
  <controlfield tag="001">1579302</controlfield>
  <controlfield tag="003">NNC</controlfield>
  <controlfield tag="005">20121018012940.0</controlfield>
  <controlfield tag="008">870304s1962    iq            000 0 ara d</controlfield>
  <datafield tag="035" ind1=" " ind2=" ">
    <subfield code="a">(OCoLC)14942094</subfield>
  </datafield>
  <datafield tag="035" ind1=" " ind2=" ">
    <subfield code="a">(OCoLC)ocm14942094</subfield>
  </datafield>
  <datafield tag="035" ind1=" " ind2=" ">
    <subfield code="9">AKH0042CU</subfield>
  </datafield>
  <datafield tag="035" ind1=" " ind2=" ">
    <subfield code="a">(NNC)1579302</subfield>
  </datafield>
  <datafield tag="040" ind1=" " ind2=" ">
    <subfield code="a">NjP</subfield>
    <subfield code="c">NjP</subfield>
    <subfield code="d">MH</subfield>
    <subfield code="d">CStRLIN</subfield>
    <subfield code="d">CtY</subfield>
  </datafield>
  <datafield tag="066" ind1=" " ind2=" ">
    <subfield code="c">(3</subfield>
  </datafield>
  <datafield tag="100" ind1="1" ind2=" ">
    <subfield code="a">Dūrī, ʻAbd al-ʻAzīz.</subfield>
  </datafield>
  <datafield tag="245" ind1="1" ind2="0">
    <subfield code="6">880-01</subfield>
    <subfield code="a">Tafsīr al-tārīkh /</subfield>
    <subfield code="c">taʾlīf ʻAbd al-ʻAzīz al-Dūrī ... [et al.]</subfield>
  </datafield>
  <datafield tag="260" ind1=" " ind2=" ">
    <subfield code="6">880-02</subfield>
    <subfield code="a">Baghdād :</subfield>
    <subfield code="b">Maktabat al-Nahḍah,</subfield>
    <subfield code="c">[1962?]</subfield>
  </datafield>
  <datafield tag="300" ind1=" " ind2=" ">
    <subfield code="a">55 p. ;</subfield>
    <subfield code="c">21 cm.</subfield>
  </datafield>
  <datafield tag="490" ind1="1" ind2=" ">
    <subfield code="6">880-03</subfield>
    <subfield code="a">Manshūrāt Jamʻīyat al-Muʾallifīn wa-al-Kuttāb al-ʻIrāqīyīn ;</subfield>
    <subfield code="v">5</subfield>
  </datafield>
  <datafield tag="650" ind1=" " ind2="0">
    <subfield code="a">History</subfield>
    <subfield code="x">Philosophy.</subfield>
  </datafield>
  <datafield tag="810" ind1="2" ind2=" ">
    <subfield code="6">880-04</subfield>
    <subfield code="a">Jamʻīyat al-Muʼallifīn wa-al-Kuttāb al-ʻIrāqīyīn.</subfield>
    <subfield code="t">Manshūrāt ;</subfield>
    <subfield code="v">5.</subfield>
  </datafield>
  <datafield tag="880" ind1="1" ind2="0">
    <subfield code="6">245-01/(3/r</subfield>
    <subfield code="a">تفسير التاريخ /</subfield>
    <subfield code="c">تأليف عبد العزيز الدوري ... [وآخرين]</subfield>
  </datafield>
  <datafield tag="880" ind1=" " ind2=" ">
    <subfield code="6">260-02/(3/r</subfield>
    <subfield code="a">بغداد :</subfield>
    <subfield code="b">مكتبة النهضة،</subfield>
    <subfield code="c">[1962?]</subfield>
  </datafield>
  <datafield tag="880" ind1="1" ind2=" ">
    <subfield code="6">490-03/(3/r</subfield>
    <subfield code="a">منشورات جمعية المؤلفين والكتاب العراقيين ؛</subfield>
    <subfield code="v">5</subfield>
  </datafield>
  <datafield tag="880" ind1="2" ind2=" ">
    <subfield code="6">810-04/(3/r</subfield>
    <subfield code="a">جمعية المؤلفين والكتاب العراقيين.</subfield>
    <subfield code="t">منشورات ؛</subfield>
    <subfield code="v">5.</subfield>
  </datafield>
  <datafield tag="955" ind1=" " ind2=" ">
    <subfield code="b">CU69431027</subfield>
    <subfield code="d">off,glx</subfield>
    <subfield code="e">D16.8 .D87</subfield>
  </datafield>
</record>
</collection>